@article{mse,
  title={Mean square error of prediction as a criterion for selecting variables},
  author={Allen, David M},
  journal={Technometrics},
  volume={13},
  number={3},
  pages={469--475},
  year={1971},
  publisher={Taylor \& Francis Group}
}

 @misc{cross, 
 title={Common Loss functions in machine learning}, 
 url={https://towardsdatascience.com/common-loss-functions-in-machine-learning-46af0ffc4d23}, 
 journal={Medium}, publisher={Towards Data Science}, 
 author={Parmar, Ravindra}, 
 year={2018}, 
 month={Sep}} 

 @misc{kdnuggets1, 
 title={Machine Learning vs Statistics}, 
 url={https://www.kdnuggets.com/2016/11/machine-learning-vs-statistics.html}, 
 journal={KDnuggets}, 
 publisher={Edvancer Support}, 
 year={2016}, 
 month={Jan}} 

 @article{mae,
  title={Mean absolute percentage error for regression models},
  author={De Myttenaere, Arnaud and Golden, Boris and Le Grand, B{\'e}n{\'e}dicte and Rossi, Fabrice},
  journal={Neurocomputing},
  volume={192},
  pages={38--48},
  year={2016},
  publisher={Elsevier}
}

@article{hinge,
  title={Robust support vector machines based on the rescaled hinge loss function},
  author={Xu, Guibiao and Cao, Zheng and Hu, Bao-Gang and Principe, Jose C},
  journal={Pattern Recognition},
  volume={63},
  pages={139--148},
  year={2017},
  publisher={Elsevier}
}

 @misc{lawln, 
 title={Law of Large Numbers}, 
 url={https://www.probabilitycourse.com/chapter7/7_1_1_law_of_large_numbers.php}, 
 journal={Introduction to probability, statistics and random process}, 
 publisher={Hossein Pishro-Nik}, 
 year={2018}
 } 


 @misc{tesis, 
 title={Clasificacion de mamografias mediante redes neuronales convolucionales}, 
 url={http://eprints.uanl.mx/17656/}, 
 author = {Mayra Cristina Berrones Reyes},
 journal={Repositorio academico digital}, 
 publisher={UANL}, 
 year={2019}
 } 

 @article{adam,
  title={A method for stochastic optimization. arXiv 2014},
  author={Kingma, Diederik P and Ba, J Adam},
  journal={arXiv preprint arXiv:1412.6980},
  volume={434},
  year={2019}
}

@article{adadelta,
  title={ADADELTA: An adaptive learning rate method. arXiv 2012},
  author={Zeiler, Matthew D},
  journal={arXiv preprint arXiv:1212.5701},
  volume={1212},
  year={2012}
}
 @misc{sgd, 
 title={An overview of gradient descent optimization algorithms}, 
 url={https://ruder.io/optimizing-gradient-descent/}, 
 journal={Optimization}, 
 publisher={Sebastian Ruder}, 
 year={2016}
 } 

  @misc{momentum, 
 title={Optimizers Explained. Adam, momentum and SGD}, 
 url={https://mlfromscratch.com/optimizers-explained/#/}, 
 journal={Deep Learning}, 
 publisher={Casper Hansen}, 
 year={2019}
 } 

@article{nesterov,
  title={Nesterov's accelerated gradient and momentum as approximations to regularised update descent},
  author={Botev, Aleksandar and Lever, Guy and Barber, David},
  journal={arXiv preprint arXiv:1607.01981},
  year={2016}
}

 @misc{opti, 
 title={Visualising Stochastic Optimizers}, 
 url={https://rnrahman.com/blog/visualising-stochastic-optimisers/}, 
 journal={Visualising optimizers}, 
 publisher={Ridlo Rahman}, 
 year={2017}
 } 

  @misc{wstat, 
 title={What is statistics and why is important in machine learning}, 
 url={https://machinelearningmastery.com/what-is-statistics/}, 
 journal={Machine learning mastery}, 
 publisher={Jason Brownlee}, 
 year={2017}
 } 

 @article{sirignano,
  title={Mean field analysis of neural networks: A law of large numbers},
  author={Sirignano, Justin and Spiliopoulos, Konstantinos},
  journal={SIAM Journal on Applied Mathematics},
  volume={80},
  number={2},
  pages={725--752},
  year={2020},
  publisher={SIAM}
}
