@misc{bot,
  title = {Statistics for Data Science: Introduction to the Central Limit Theorem},
  autor = {Analytics Vidhya},
  howpublished = {\url{https://www.analyticsvidhya.com/blog/2019/05/statistics-101-introduction-central-limit-theorem/}},
  note = {Accessed: 2020-12-08}
}


@misc{twds,
  title = {Why The Central Limit Theorem in Data Science},
  autor = {Aditi Mittal},
  howpublished = {\url{https://towardsdatascience.com/why-the-central-limit-theorem-in-data-science-be8997b95f3}},
  note = {Accessed: 2020-12-08}
}

