@article{w-pseudo,
  title={Pseudorandom Number},
  author={Luby, M. },
  journal={Pseudorandomness and Cryptographic Applications.},
  pages={266},
  year={1992},
  publisher={Princeton University Press}
}

@book{verma2019,
  title={Testing statistical assumptions in research},
  author={Verma, JP and Abdel-Salam, Abdel-Salam G},
  year={2019},
  publisher={John Wiley \& Sons}
}

@book{montgomery2009,
  title={Engineering statistics},
  author={Montgomery, Douglas C and Runger, George C and Hubele, Norma F},
  year={2009},
  publisher={John Wiley \& Sons}
}

@misc{tdsc,
  title = {Statistical Tests: When to use which.},
  autor = {Vibhor Nigman},
  howpublished = {\url{https://towardsdatascience.com/statistical-tests-when-to-use-which-704557554740}},
  note = {Accessed: 2020-10-12}
}

@misc{sthowto,
  title = {Hypothesis testing},
  author = {Stephanie Glen},
  howpublished = {\url{https://www.statisticshowto.com/probability-and-statistics/hypothesis-testing/}},
  note = {Accessed: 2020-10-12}
  
}

@misc{stack1,
  title = {What is a critical value in statistics},
  author = {Jonathan Christensen},
  howpublished = {\url{https://math.stackexchange.com/questions/281940/what-is-a-critical-value-in-statistics}},
  note = {Accessed: 2020-10-12}
  
}

@misc{inv1,
  title = {P value definition},
  author = {Brian Beers},
  howpublished = {\url{https://www.investopedia.com/terms/p/p-value.asp}},
  note = {Accessed: 2020-10-12}
  
}

@misc{minitab,
  title = {How to correctly interpret P values},
  author = {Minitab Blog editor},
  howpublished = {\url{https://blog.minitab.com/blog/adventures-in-statistics-2/how-to-correctly-interpret-p-values}},
  note = {Accessed: 2020-10-12}
  
}

@misc{stats1,
  title = {What is power?},
  author = {Angela L.E. Walmsley},
  howpublished = {\url{https://www.statisticsteacher.org/2017/09/15/what-is-power/}},
  note = {Accessed: 2020-10-12}
  
}

@misc{sthowto2,
  title = {Statistical Power: What it is, How to Calculate it},
  author = {Statistics for everyone},
  howpublished = {\url{https://www.statisticshowto.com/statistical-power/}},
  note = {Accessed: 2020-10-12}
  
}

@article{not20,
  title={How to select appropriate statistical test?},
  author={NOT, DISTRIBUTION OR},
  journal={Journal of Pharmaceutical Negative Results| October},
  volume={1},
  number={2},
  pages={61},
  year={2010}
}





