@misc{WinNT,
  title = {{MS Windows NT} Kernel Description},
  howpublished = {\url{http://web.archive.org/web/20080207010024/http://www.808multimedia.com/winnt/kernel.htm}},
  note = {Accessed: 2020-09-14}
}

@misc{guten,
  title = {Gutenberg project},
  howpublished = {\url{https://www.gutenberg.org/about/background/history_and_philosophy.html}},
  note = {Accessed: 2020-09-14}
}


@misc{pride,
  title = {Gutenberg project --- Pride and Prejudice},
  autor = {Jane Austen},
  howpublished = {\url{https://www.gutenberg.org/ebooks/1342}},
  note = {Accessed: 2020-09-14}
}


@misc{sense,
  title = {Gutenberg project --- Sense and Sensibility},
  autor = {Jane Austen},
  howpublished = {\url{https://www.gutenberg.org/ebooks/161}},
  note = {Accessed: 2020-09-14}
}

@misc{pbs,
  title = {ORIGIN OF EVERYTHING --- History of the Word \say{Gay}},
  autor = {PBS},
  howpublished = {\url{https://www.pbs.org/video/history-of-the-word-gay-bcbiuu/}},
  note = {Accessed: 2020-09-14}
}



https://www.gutenberg.org/ebooks/1342