@article{w-pseudo,
  title={Pseudorandom Number},
  author={Luby, M. },
  journal={Pseudorandomness and Cryptographic Applications.},
  pages={266},
  year={1992},
  publisher={Princeton University Press}
}

@book{book1,
  title={Online Statistics Education: An Interactive Multimedia Course of Study},
  author={David M. Lane},
  howpublished={\url{http://onlinestatbook.com/2/index.html}},
  publisher={Rice University}
}

@book{montgomery2009,
  title={Engineering statistics},
  author={Montgomery, Douglas C and Runger, George C and Hubele, Norma F},
  year={2009},
  publisher={John Wiley \& Sons}
}

@misc{stda,
  title = {Correlation test between two variables in R.},
  autor = {STADA},
  howpublished = {\url{http://www.sthda.com/english/wiki/correlation-test-between-two-variables-in-r}},
  note = {Accessed: 2020-10-20}
}