@book{grin,
  title={Introduction to probability},
  author={Grinstead, Charles Miller and Snell, James Laurie},
  year={2012},
  publisher={American Mathematical Soc.}
}

@misc{stda,
  title = {Understanding convolutions},
  autor = {Christopher Olah},
  howpublished = {\url{https://colah.github.io/posts/2014-07-Understanding-Convolutions/}},
  note = {Accessed: 2020-11-17}
}


@misc{mnist,
  title = {Fashion Mnist.},
  autor = {MIT, Zalando SE},
  howpublished = {\url{https://www.kaggle.com/zalando-research/fashionmnist}},
  note = {Accessed: 2020-11-17}
}

@misc{magik,
  title = {Image convolution in R using Magick},
  autor = {Jeroen Ooms, Thomas Lin Pedersen},
  howpublished = {\url{https://ropensci.org/technotes/2017/11/02/image-convolve/}},
  note = {Accessed: 2020-11-17}
}
@misc{chitest,
  title = {Chi square test of independence in R},
  autor = {Antoine Soetewey},
  howpublished = {\url{https://www.statsandr.com/blog/chi-square-test-of-independence-in-r/}},
  note = {Accessed: 2020-11-17}
}
@misc{cova,
  title = {Sums of random variables},
  autor = {Mile foot mathematics},
  howpublished = {\url{http://www.milefoot.com/math/stat/rv-sums.htm}},
  note = {Accessed: 2020-11-17}
}

@misc{twds,
  title = {Gentle dive into math behind convolutional neural networks},
  autor = {Piotr Skalski},
  howpublished = {\url{https://towardsdatascience.com/gentle-dive-into-math-behind-convolutional-neural-networks-79a07dd44cf9}},
  note = {Accessed: 2020-11-17}
}

@misc{kaggle,
  title = {LBB Neural Network},
  autor = {Kaggle examples},
  howpublished = {\url{https://www.kaggle.com/stvenl/lbb-neural-network}},
  note = {Accessed: 2020-11-17}
}


