@article{w-pseudo,
  title={Pseudorandom Number},
  author={Luby, M. },
  journal={Pseudorandomness and Cryptographic Applications.},
  pages={266},
  year={1992},
  publisher={Princeton University Press}
}

@book{saucier,
  title={Computer Generation of Statistical Distributions},
  author={Richard Saucier},
  year={2000},
  publisher={Army Research Laboratory}
}

@misc{geeks1,
  title = {Pseudo random number generator},
  autor = {Geeks for geeks},
  howpublished = {\url{https://www.geeksforgeeks.org/pseudo-random-number-generator-prng/?ref=rp}},
  note = {Accessed: 2020-10-05}
}

@misc{muller,
  title = {Box -- Muller transform},
  autor = {Wikipedia},
  howpublished = {\url{https://en.wikipedia.org/wiki/Box\%E2\%80\%93Muller_transform}},
  note = {Accessed: 2020-10-05}
}