@misc{guten,
  title = {Gutenberg project},
  howpublished = {\url{https://www.gutenberg.org/about/background/history_and_philosophy.html}},
  note = {Accessed: 2020-09-22}
}

@misc{pride,
  title = {Gutenberg project -- Pride and Prejudice},
  autor = {Jane Austen},
  howpublished = {\url{https://www.gutenberg.org/ebooks/1342}},
  note = {Accessed: 2020-09-22}
}


@misc{wuhe,
  title = {Gutenberg project -- Wuthering Heights},
  autor = {Jane Austen},
  howpublished = {\url{http://www.gutenberg.org/ebooks/768}},
  note = {Accessed: 2020-09-22}
}

@misc{austen,
  title = {Biografia de Jane Austen},
  autor = {Ruiza M, Fernandez T.},
  howpublished = {\url{hhttps://www.biografiasyvidas.com/biografia/a/austen.htm}},
  note = {Accessed: 2020-09-22}
}


@misc{emily,
  title = {Biografia de Emily Bronte.},
  autor = {Ruiza M, Fernandez T.},
  howpublished = {\url{https://www.biografiasyvidas.com/biografia/b/bronte_emily.htm}},
  note = {Accessed: 2020-09-22}
}

@misc{rgeom,
  title = {Geometric Distribution},
  autor = {Michael Foley},
  howpublished = {\url{https://rpubs.com/mpfoley73/458721}},
  note = {Accessed: 2020-09-22}
}

@misc{rbinom,
  title = {The binomial distribution},
  autor = {R project},
  howpublished = {\url{https://www.rdocumentation.org/packages/stats/versions/3.3/topics/Binomial}},
  note = {Accessed: 2020-09-22}
}

@misc{rhyper,
  title = {The hypergeometric distribution},
  autor = {R project},
  howpublished = {\url{https://www.rdocumentation.org/packages/stats/versions/3.6.2/topics/Hypergeometric}},
  note = {Accessed: 2020-09-22}
}

