@article{atkinson1979computer,
  title={The computer generation of Poisson random variables},
  author={Atkinson, AC},
  journal={Journal of the Royal Statistical Society: Series C (Applied Statistics)},
  volume={28},
  number={1},
  pages={29--35},
  year={1979},
  publisher={Wiley Online Library}
}

@article{kemp1990new,
  title={New algorithms for generating Poisson variates},
  author={Kemp, CD},
  journal={Journal of computational and applied mathematics},
  volume={31},
  number={1},
  pages={133--137},
  year={1990},
  publisher={Elsevier}
}

@article{randvariates,
  title={Random variate generators for Poisson -- Poisson and related distributions.},
  author={Luc Devroye},
  journal={Computational Statistics and Data Analysis},
  number={8},
  pages={247--278},
  year={1989},
  publisher = {McGill University, Montreal, Canada}
  }


@misc{rpois,
  title = {The Poisson Distribution},
  autor = {R project},
  howpublished = {\url{https://www.rdocumentation.org/packages/stats/versions/3.6.2/topics/Poisson}},
  note = {Accessed: 2020-09-28}
}

@misc{rexp,
  title = {The Exponential Distribution},
  autor = {R project},
  howpublished = {\url{https://www.rdocumentation.org/packages/stats/versions/3.6.2/topics/Exponential}},
  note = {Accessed: 2020-09-28}
}
@misc{runif,
  title = {The Uniform Distribution},
  autor = {R project},
  howpublished = {\url{https://www.rdocumentation.org/packages/stats/versions/3.6.2/topics/Uniform}},
  note = {Accessed: 2020-09-28}
}

@misc{poison,
  title = {The Poisson distribution and Poisson process explained},
  autor = {Will Koehrsen},
  howpublished = {\url{https://towardsdatascience.com/the-poisson-distribution-and-poisson-process-explained-4e2cb17d459}},
  note = {Accessed: 2020-09-28}
}

@misc{distributions,
  title = {Probability distributions in Python},
  autor = {Manish Pathak},
  howpublished = {\url{https://www.datacamp.com/community/tutorials/probability-distributions-python}},
  note = {Accessed: 2020-09-28}
}






