@book{dekking2005modern,
  title={A Modern Introduction to Probability and Statistics: Understanding why and how},
  author={Dekking, Frederik Michel and Kraaikamp, Cornelis and Lopuha{\"a}, Hendrik Paul and Meester, Ludolf Erwin},
  year={2005},
  publisher={Springer Science \& Business Media}
}

@book{grinstead2012introduction,
  title={Introduction to probability},
  author={Grinstead, Charles Miller and Snell, James Laurie},
  year={2012},
  publisher={American Mathematical Soc.}
}

@misc{bot,
  title = {The Law of Large Numbers in AI and Big data},
  autor = {Discover bot},
  howpublished = {\url{https://discover.bot/bot-talk/law-of-large-numbers-ai/}},
  note = {Accessed: 2020-11-30}
}
@article{ng2017machine,
  title={Machine learning yearning},
  author={Ng, Andrew},
  journal={URL: http://www. mlyearning. org/(96)},
  year={2017}
}

@misc{enoan,
  title = {Ciencia de datos en la era del internet de las cosas},
  autor = {Hugo Estrada Esquivel},
  howpublished = {\url{http://smcca.org.mx/enoan2019/plenariaHugoEstrada.html}},
  note = {Accessed: 2020-11-30}
}

@misc{tesis,
  title = {Clasificación de mamografías mediante redes neuronales convolucionales},
  autor = {Mayra Cristina Berrones Reyes},
  howpublished = {\url{http://eprints.uanl.mx/17656/}},
  note = {Accessed: 2020-11-30}
}
