@book{grin,
  title={Introduction to probability},
  author={Grinstead, Charles Miller and Snell, James Laurie},
  year={2012},
  publisher={American Mathematical Soc.}
}