@misc{wiki,
  title = {Symmetric probability distribution},
  autor = {Wikipedia},
  howpublished = {\url{https://en.wikipedia.org/wiki/Symmetric_probability_distribution}},
  note = {Accessed: 2020-11-17}
}

@misc{grin,
  title = {Chapter 10 - Generating Functions},
  autor = {Complementary material},
  howpublished = {\url{https://www.dartmouth.edu/~chance/teaching_aids/books_articles/probability_book/Chapter10.pdf}},
  note = {Accessed: 2020-11-17}
}