@article{chan2020,
  title={Bayes' theorem, COVID19, and screening tests},
  author={Chan, Gar Ming},
  journal={The American Journal of Emergency Medicine},
  year={2020},
  publisher={Elsevier}
}

@misc{mitesis,
  title={Clasificador de Mamografias por medio de redes neuronales convolucionales},
  author={Mayra C. Berrones-Reyes},
  howpublished={\url{http://eprints.uanl.mx/17656/}},
  publisher={Universidad Autonoma de Nuevo Leon}
}
@misc{fda1,
  title = {Conceptos basicos para las pruebas del coronavirus},
  autor = {US Food and Drug Administration (FDA)},
  howpublished = {\url{https://www.fda.gov/media/138239/download}},
  note = {Accessed: 2020-10-27}
}

@misc{cont,
  title = {Studies find varying accuracy of COVID19 antibody tests},
  autor = {Brian Dunleavy},
  howpublished = {\url{https://www.contagionlive.com/view/studies-find-varying-accuracy-of-covid19-antibody-tests}},
  note = {Accessed: 2020-10-27}
}

@misc{fda2,
  title = {EUA Authorized Serology Tests Performance},
  autor = {US Food and Drug Administration (FDA)},
  howpublished = {\url{https://www.fda.gov/medical-devices/coronavirus-disease-2019-covid-19-emergency-use-authorizations-medical-devices/eua-authorized-serology-test-performance}},
  note = {Accessed: 2020-10-27}
}

@misc{xalaka,
  title = {Pruebas de COVID aprobadas en Mexico},
  autor = {Medicina y salud - Xalaka},
  howpublished = {\url{https://www.xataka.com.mx/medicina-y-salud/pruebas-rapidas-covid-aprobadas-mexico-estas-19-test-avalados-cofepris-para-saber-he-tenido-coronavirus}},
  note = {Accessed: 2020-10-27}
}

@misc{tds,
  title = {Covid-19 Bayes theorem and taking probabilistic decisions},
  autor = {Archit Ranjan},
  howpublished = {\url{https://towardsdatascience.com/covid-19-bayes-theorem-and-taking-data-driven-decisions-part-1-b61e2c2b3bea}},
  note = {Accessed: 2020-10-27}
}

@misc{kaggle,
  title = {Covid-19 MX},
  autor = {Eduardo Rojas},
  howpublished = {\url{https://www.kaggle.com/lalish99/covid19-mx}},
  note = {Accessed: 2020-10-27}
}

